% Encoding: UTF-8
%% This BibTeX bibliography file was created using BibDesk.
%% https://bibdesk.sourceforge.io/

%% Created for Casper Verswijvelt at 2019-04-21 12:12:39 +0200 


%% Saved with string encoding Unicode (UTF-8)

@Electronic{amadeo_open-source,
  author        = {Ron Amadeo},
  title         = {Google's iron grip on Android: Controlling open source by any means necessary},
  year          = {2018},
  url           = {https://arstechnica.com/gadgets/2018/07/googles-iron-grip-on-android-controlling-open-source-by-any-means-necessary/},
  month         = {7},
  urldate       = {2019-04-21},
  date-added    = {2019-04-21 09:39:34 +0000},
  date-modified = {2019-04-21 09:42:20 +0000},
  rating        = {1},
}

@Electronic{beal_api,
  author        = {Vangie Beal},
  title         = {API - application program interface},
  year          = {2019},
  date          = {2019-04-21},
  url           = {https://www.webopedia.com/TERM/A/API.html},
  urldate       = {2019-04-21},
  date-added    = {2019-04-21 09:28:03 +0000},
  date-modified = {2019-04-21 09:32:00 +0000},
  lastchecked   = {https://www.webopedia.com/TERM/A/API.html},
}

@Electronic{marshall_google-play-services,
  author        = {Chris Marshall},
  title         = {Google Play Services: the heartbeat of your Android smartphone},
  year          = {2019},
  url           = {https://www.androidpit.com/google-play-services-what-is-it-and-what-is-it-for},
  urldate       = {2019-04-21},
  date-added    = {2019-04-21 09:19:59 +0000},
  date-modified = {2019-04-21 09:32:22 +0000},
}

@Electronic{custom-rom,
  editor  = {xdadevelopers},
  title   = {What is an Android Custom ROM?},
  year    = {2018},
  url     = {https://www.xda-developers.com/what-is-custom-rom-android/},
  urldate = {2019-04-21},
}

@Electronic{microg,
  author = {microG},
  title  = {microG Project},
  year   = {2019},
  url    = {https://microg.org},
}

@Electronic{hoffman_custom-recovery,
  author = {Chris Hoffman},
  title  = {What is a Custom Recovery on Android, and Why Would I Want One?},
  year   = {2017},
  date   = {2017-07-11},
  url    = {https://www.howtogeek.com/193055/what-is-a-custom-recovery-on-android-and-why-would-i-want-one/},
}

@Electronic{knight_degoogle,
  author = {Jon Knight},
  title  = {5 Ways to Keep Google from Collecting Data on Your Android Phone},
  date   = {2019-02-25},
  url    = {https://android.gadgethacks.com/how-to/5-ways-keep-google-from-collecting-data-your-android-phone-0181002/},
}

@Electronic{google_dns-tls,
  author = {Google},
  title  = {Google Public DNS},
  year   = {2019},
  url    = {https://developers.google.com/speed/public-dns/docs/using#android},
}

@Electronic{shadow53_play-store,
  author = {Shadow53},
  title  = {FAQ: Can I use the official Play Store with microG?},
  year   = {2019},
  url    = {https://shadow53.com/android/no-gapps/faq/can-i-use-the-official-play-store-with-microg/},
}

@Electronic{torres_stockandroid,
  author = {JC Torres},
  title  = {The Stock Android Myth},
  year   = {2018},
  date   = {2018-02-16},
  url    = {https://www.slashgear.com/the-stock-android-myth-16519816/},
}

@WWW{android_androidone,
  author = {Android},
  title  = {Android One},
  year   = {2019},
  url    = {https://www.android.com/one/},
}

@WWW{android_location-strategies,
  author = {Android},
  title  = {Location Strategies},
  year   = {2019},
  url    = {https://developer.android.com/guide/topics/location/strategies.html},
}

@Electronic{idris_location-providers,
  author = {Nazmul Idris},
  title  = {Android Location Providers (gps, network, passive)},
  year   = {2010},
  date   = {2010-10-20},
  url    = {https://developerlife.com/2010/10/20/gps/#gps--gps-agps},
}

@Electronic{android_permissions,
  author = {Android},
  title  = {Permissions overview},
  year   = {2019},
  url    = {https://developer.android.com/guide/topics/permissions/overview},
}

@Comment{jabref-meta: databaseType:biblatex;}
