% Encoding: UTF-8

@electronic{BertelKing2016,
	Author = {Bertel King, Jr.},
	Editor = {{MakeUseOf}},
	Originalyear = {016-01-015,
	Title = {Here's How You Can Use Android But Ditch Google},
	Url = {https://www.makeuseof.com/tag/using-android-without-google/},
	Urldate = {09.12.2018},
	Bdsk-Url-1 = {https://www.makeuseof.com/tag/using-android-without-google/}}

@Electronic{EricFerrari2017,
  author       = {Eric Ferrari-Herrmann},
  title        = {Android without Google Apps? There are alternatives for almost everything},
  year         = {2017},
  date         = {2017-06-01},
  url          = {https://www.androidpit.com/android-without-google-apps},
  urldate      = {2018-12-09},
  bdsk-url-1   = {https://www.androidpit.com/android-without-google-apps},
  originalyear = {01.07.2016},
}

@article{LaurensVerhagen2019,
	Author = {Laurens Verhagen},
	Journal = {De Morgen},
	Timestamp = {2019.02.12},
	Title = {Aanval op eigengereide techgiganten lijkt ingezet},
	Year = {2019}}

@Electronic{Boete2019,
  author       = {AFP},
  title        = {Recordboete voor Google in Frankrijk voor overtreden GDPR-wetgeving},
  year         = {2019},
  date         = {2019-01-21},
  url          = {https://www.demorgen.be/technologie/recordboete-voor-google-in-frankrijk-voor-overtreden-gdpr-wetgeving-bdf33ba5/},
  urldate      = {2019-02-17},
  bdsk-url-1   = {https://www.demorgen.be/technologie/recordboete-voor-google-in-frankrijk-voor-overtreden-gdpr-wetgeving-bdf33ba5/},
  originalyear = {21.01.2019},
}

@Comment{jabref-meta: databaseType:biblatex;}
